% ------------------------------------------------------------------------
% BIBLIOGRAPHY FILE
% ------------------------------------------------------------------------
% Insert your biblio here
% 
% ------------------------------------------------------------------------

@book{monkman2007robot,
  title={Robot grippers},
  annote = {Livro que descreve conceitos de gripper. Antiga REF (1) do deliverable},
  author={Monkman, Gareth J and Hesse, Stefan and Steinmann, Ralf and Schunk, Henrik},
  year={2007},
  publisher={John Wiley \& Sons}
}

@inproceedings{bicchi2000robotic,
  title={Robotic grasping and contact: A review},
  annote = {Survey/Review do Kumar sobre tecnicas de grasping. Antiga REF (2) do deliverable},
  author={Bicchi, Antonio and Kumar, Vijay},
  booktitle={Proceedings 2000 ICRA. Millennium Conference. IEEE International Conference on Robotics and Automation. Symposia Proceedings (Cat. No. 00CH37065)},
  volume={1},
  pages={348--353},
  year={2000},
  organization={IEEE}
}

@inproceedings{alonso2018current,
  title={Current research trends in robot grasping and bin picking},
  annote = {Survey/Review sobre o bin-picking. Antiga REF (3) do deliverable},
  author={Alonso, Marcos and Izaguirre, Alberto and Gra{\~n}a, Manuel},
  booktitle={The 13th International Conference on Soft Computing Models in Industrial and Environmental Applications},
  pages={367--376},
  year={2018},
  organization={Springer}
}

@article{sahbani2012overview,
  title={An overview of 3D object grasp synthesis algorithms},
  annote = {Survey/Review sobre grasping. Antiga REF (4) do deliverable},
  author={Sahbani, Anis and El-Khoury, Sahar and Bidaud, Philippe},
  journal={Robotics and Autonomous Systems},
  volume={60},
  number={3},
  pages={326--336},
  year={2012},
  publisher={Elsevier}
}

@inproceedings{nguyen1987constructing,
  title={Constructing force-closure grasps in 3D},
  annote = {Artigo 01 Nguyen. Antiga REF (5) do deliverable},
  author={Nguyen, V-D},
  booktitle={Proceedings. 1987 IEEE International Conference on Robotics and Automation},
  volume={4},
  pages={240--245},
  year={1987},
  organization={IEEE}
}

@article{nguyen1989constructing,
  title={Constructing stable grasps},
  annote = {Artigo 02 Nguyen. Antiga REF (6) do deliverable},
  author={Nguyen, Van-Due},
  journal={The International Journal of Robotics Research},
  volume={8},
  number={1},
  pages={26--37},
  year={1989},
  publisher={Sage Publications Sage CA: Thousand Oaks, CA}
}

@article{ponce1995computing,
  title={On computing three-finger force-closure grasps of polygonal objects},
  annote = {Antiga REF (7) do deliverable},
  author={Ponce, Jean and Faverjon, Bernard},
  journal={IEEE Transactions on robotics and automation},
  volume={11},
  number={6},
  pages={868--881},
  year={1995},
  publisher={IEEE}
}

@article{li2003computing,
  title={On computing three-finger force-closure grasps of 2-D and 3-D objects},
  author={Li, Jia-Wei and Liu, Hong and Cai, He-Gao},
  annote = {Antiga REF (8) do deliverable},
  journal={IEEE Transactions on Robotics and Automation},
  volume={19},
  number={1},
  pages={155--161},
  year={2003},
  publisher={IEEE}
}

@inproceedings{ferrari1992planning,
  title={Planning optimal grasps.},
  annote = {Antiga REF (9) do deliverable},
  author={Ferrari, Carlo and Canny, John F},
  booktitle={ICRA},
  volume={3},
  pages={2290--2295},
  year={1992}
}

@article{liu1999qualitative,
  title={Qualitative test and force optimization of 3-D frictional form-closure grasps using linear programming},
  annote = {Antiga REF (10) do deliverable},
  author={Liu, Yun-Hui},
  journal={IEEE Transactions on Robotics and Automation},
  volume={15},
  number={1},
  pages={163--173},
  year={1999},
  publisher={IEEE}
}

@article{liu2000computing,
  title={Computing n-finger form-closure grasps on polygonal objects},
  annote = {Antiga REF (11) do deliverable},
  author={Liu, Yun-Hui},
  journal={The International journal of robotics research},
  volume={19},
  number={2},
  pages={149--158},
  year={2000},
  publisher={SAGE Publications}
}

@inproceedings{ding2000computing,
  title={Computing 3-D optimal form-closure grasps},
  annote = {Antiga REF (12) do deliverable},
  author={Ding, Dan and Liu, Yun-Hui and Wang, Shuguo},
  booktitle={Proceedings 2000 ICRA. Millennium Conference. IEEE International Conference on Robotics and Automation. Symposia Proceedings (Cat. No. 00CH37065)},
  volume={4},
  pages={3573--3578},
  year={2000},
  organization={IEEE}
}

@article{liu2004complete,
  title={A complete and efficient algorithm for searching 3-D form-closure grasps in the discrete domain},
  annote = {Antiga REF (13) do deliverable},
  author={Liu, Yun-Hui and Lam, Miu-Ling and Ding, Dan},
  journal={IEEE Transactions on Robotics},
  volume={20},
  number={5},
  pages={805--816},
  year={2004},
  publisher={IEEE}
}

@inproceedings{el2009computing,
  title={On computing robust N-finger force-closure grasps of 3D objects},
  annote = {Antiga REF (14) do deliverable},
  author={El-Khoury, Sahar and Sahbani, Anis},
  booktitle={2009 IEEE international conference on robotics and automation},
  pages={2480--2486},
  year={2009},
  organization={IEEE}
}

@article{roa2015grasp,
  title={Grasp quality measures: review and performance},
  annote = {Survey de grasp quality criteria. Antiga REF (15) do deliverable},
  author={Roa, M{\'a}ximo A and Su{\'a}rez, Ra{\'u}l},
  journal={Autonomous robots},
  volume={38},
  number={1},
  pages={65--88},
  year={2015},
  publisher={Springer}
}

@inproceedings{miller2003automatic,
  title={Automatic grasp planning using shape primitives},
  annote = {Antiga REF (16) do deliverable},
  author={Miller, Andrew T and Knoop, Steffen and Christensen, Henrik I and Allen, Peter K},
  booktitle={2003 IEEE International Conference on Robotics and Automation (Cat. No. 03CH37422)},
  volume={2},
  pages={1824--1829},
  year={2003},
  organization={IEEE}
}

@inproceedings{goldfeder2007grasp,
  title={Grasp planning via decomposition trees},
  annote = {Antiga REF (17) do deliverable},
  author={Goldfeder, Corey and Allen, Peter K and Lackner, Claire and Pelossof, Raphael},
  booktitle={Proceedings 2007 IEEE International Conference on Robotics and Automation},
  pages={4679--4684},
  year={2007},
  organization={IEEE}
}

@inproceedings{przybylski2011planning,
  title={Planning grasps for robotic hands using a novel object representation based on the medial axis transform},
  annote = {Antiga REF (18) do deliverable},
  author={Przybylski, Markus and Asfour, Tamim and Dillmann, R{\"u}diger},
  booktitle={2011 IEEE/RSJ International Conference on Intelligent Robots and Systems},
  pages={1781--1788},
  year={2011},
  organization={IEEE}
}

@article{kroemer2010combining,
  title={Combining active learning and reactive control for robot grasping},
  annote = {Learning by demonstration. Antiga REF (19) do deliverable},
  author={Kroemer, OB and Detry, Renaud and Piater, Justus and Peters, Jan},
  journal={Robotics and Autonomous systems},
  volume={58},
  number={9},
  pages={1105--1116},
  year={2010},
  publisher={Elsevier}
}

@inproceedings{ekvall2007learning,
  title={Learning and evaluation of the approach vector for automatic grasp generation and planning},
  annote = {Learning by demonstration. Antiga REF (20) do deliverable},
  author={Ekvall, Staffan and Kragic, Danica},
  booktitle={Proceedings 2007 IEEE International Conference on Robotics and Automation},
  pages={4715--4720},
  year={2007},
  organization={IEEE}
}

@inproceedings{romero2009modeling,
  title={Modeling and evaluation of human-to-robot mapping of grasps},
  annote = {Learning by demonstration. Antiga REF (21) do deliverable},
  author={Romero, Javier and Kjellstrom, Hedvig and Kragic, Danica},
  booktitle={2009 International Conference on Advanced Robotics},
  pages={1--6},
  year={2009},
  organization={IEEE}
}

@inproceedings{pelossof2004svm,
  title={An SVM learning approach to robotic grasping},
  annote = { Antiga REF (22) do deliverable},
  author={Pelossof, Raphael and Miller, Andrew and Allen, Peter and Jebara, Tony},
  booktitle={IEEE International Conference on Robotics and Automation, 2004. Proceedings. ICRA'04. 2004},
  volume={4},
  pages={3512--3518},
  year={2004},
  organization={IEEE}
}

@incollection{ten2018using,
  title={Using geometry to detect grasp poses in 3d point clouds},
  author={ten Pas, Andreas and Platt, Robert},
  booktitle={Robotics Research},
  pages={307--324},
  year={2018},
  publisher={Springer}
}

@inproceedings{el2008handling,
  title={Handling objects by their handles},
  annote = { Antiga REF (24) do deliverable},
  author={El-Khoury, Sahar and Sahbani, Anis},
  booktitle={IEEE/RSJ International Conference on Intelligent Robots and Systems},
  number={POST\_TALK},
  year={2008}
}

@article{saxena2008robotic,
  title={Robotic grasping of novel objects using vision},
  annote = { Antiga REF (25) do deliverable},
  author={Saxena, Ashutosh and Driemeyer, Justin and Ng, Andrew Y},
  journal={The International Journal of Robotics Research},
  volume={27},
  number={2},
  pages={157--173},
  year={2008},
  publisher={Sage Publications Sage UK: London, England}
}

@article{mahler2017dex,
  title={Dex-net 2.0: Deep learning to plan robust grasps with synthetic point clouds and analytic grasp metrics},
   annote = { Antiga REF (26) do deliverable},
  author={Mahler, Jeffrey and Liang, Jacky and Niyaz, Sherdil and Laskey, Michael and Doan, Richard and Liu, Xinyu and Ojea, Juan Aparicio and Goldberg, Ken},
  journal={arXiv preprint arXiv:1703.09312},
  year={2017}
}

@inproceedings{mahler2016dex,
  title={Dex-net 1.0: A cloud-based network of 3d objects for robust grasp planning using a multi-armed bandit model with correlated rewards},
  annote = { Antiga REF (27) do deliverable},
  author={Mahler, Jeffrey and Pokorny, Florian T and Hou, Brian and Roderick, Melrose and Laskey, Michael and Aubry, Mathieu and Kohlhoff, Kai and Kr{\"o}ger, Torsten and Kuffner, James and Goldberg, Ken},
  booktitle={2016 IEEE international conference on robotics and automation (ICRA)},
  pages={1957--1964},
  year={2016},
  organization={IEEE}
}

@inproceedings{mahler2018dex,
  title={Dex-Net 3.0: Computing robust vacuum suction grasp targets in point clouds using a new analytic model and deep learning},
  author={Mahler, Jeffrey and Matl, Matthew and Liu, Xinyu and Li, Albert and Gealy, David and Goldberg, Ken},
  booktitle={2018 IEEE International Conference on Robotics and Automation (ICRA)},
  pages={1--8},
  year={2018},
  organization={IEEE}
}

@article{mahler2019learning,
  title={Learning ambidextrous robot grasping policies},
  author={Mahler, Jeffrey and Matl, Matthew and Satish, Vishal and Danielczuk, Michael and DeRose, Bill and McKinley, Stephen and Goldberg, Ken},
  journal={Science Robotics},
  volume={4},
  number={26},
  pages={eaau4984},
  year={2019},
  publisher={Science Robotics}
}

@article{Ciocarlie2009,
abstract = {In this paper we focus on the concept of low-dimensional posture subspaces for artificial hands. We begin by discussing the applicability of a hand configuration subspace to the problem of automated grasp synthesis; our results show that low-dimensional optimization can be instrumental in deriving effective pre-grasp shapes for a number of complex robotic hands. We then show that the computational advantages of using a reduced dimensionality framework enable it to serve as an interface between the human and automated components of an interactive grasping system. We present an on-line grasp planner that allows a human operator to perform dexterous grasping tasks using an artificial hand. In order to achieve the computational rates required for effective user interaction, grasp planning is performed in a hand posture subspace of highly reduced dimensionality. The system also uses real-time input provided by the operator, further simplifying the search for stable grasps to the point where solutions can be found at interactive rates. We demonstrate our approach on a number of different hand models and target objects, in both real and virtual environments.},
annote = {Otimo paper descrevendo o processo e otimiza{\c{c}}{\~{a}}o por SANN do graspit.},
author = {Ciocarlie, Matei T. and Allen, Peter K.},
doi = {10.1177/0278364909105606},
file = {:C$\backslash$:/Users/JoaoPedro/OneDrive - INESC TEC/Bin-Picking/Artigos/Grasp/eigengrasps.pdf:pdf},
issn = {02783649},
journal = {International Journal of Robotics Research},
keywords = {Dexterous robotic hands,Hand prosthetics,Interactive grasping},
number = {7},
pages = {851--867},
title = {{Hand posture subspaces for dexterous robotic grasping}},
volume = {28},
year = {2009}
}

@article{Santello2002,
annote = {Paper que foi usado como base para o eigengrasp},
author = {Santello, Marco and Flanders, Martha and Soechting, John F},
file = {:C$\backslash$:/Users/JoaoPedro/Desktop/artigos nvoos/neuro{\_}grasp.pdf:pdf},
keywords = {alternatively,fingers,grasping,guided,is there a proximal-to-distal,kinematics,memory,motion,or is the pattern,progression of finger,synergies,to address these questions,variable,visually guided,we},
number = {4},
pages = {1426--1435},
title = {{Patterns of Hand Motion during Grasping and the Influence of Sensory Guidance}},
volume = {22},
year = {2002}
}

@article{kirkpatrick1983,
annote = {Este e o paper que introduziu p simulated annealing},
author = {Kirkpatrick, S and Gelatt, C D and Vecchi, M P},
file = {:C$\backslash$:/Users/JoaoPedro/Desktop/artigos nvoos/primeiropaper{\_}sann.pdf:pdf},
journal = {Science},
number = {4598},
pages = {671--680},
title = {{Optimization by Simulated Annealing}},
volume = {220},
year = {1983}
}

@article{ingber1988,
annote = {Paper introduzindo o very fast Simulated Annealing},
author = {Britain, Great and Macmillan, Maxwell Pergamon and Ingber, Naval},
file = {:C$\backslash$:/Users/JoaoPedro/Desktop/artigos nvoos/fast{\_}snn.pdf:pdf},
number = {8},
pages = {967--973},
title = {{VERY FAST SIMULATED RE-ANNEALING}},
volume = {12},
year = {1989}
}

@phdthesis{AndrewT2004,
annote = {Thesis que originou o graspit!},
author = {{Andrew T}, Miller and {Peter K}, Allen},
file = {:home/joaopedro/.local/share/data/Mendeley Ltd./Mendeley Desktop/Downloaded/Andrew T, Peter K - 2004 - GraspIt! A Versatile Simulator for Robotic Grasping.pdf:pdf},
keywords = {graspit{\_}th},
mendeley-tags = {graspit{\_}th},
pages = {140},
school = {Columbia University},
title = {{GraspIt! A Versatile Simulator for Robotic Grasping}},
url = {http://www.cs.columbia.edu/{~}cmatei/graspit/pdf/GraspIt{\_}RA04-complete-system.pdf{\%}5Cnpapers2://publication/uuid/1054081B-B727-46D2-B0FA-9364E77F53CF},
year = {2001}
}

@inproceedings{zeng2018robotic,
    title={Robotic Pick-and-Place of Novel Objects in Clutter with Multi-Affordance Grasping and Cross-Domain Image Matching},
    author={Zeng, Andy and Song, Shuran and Yu, Kuan-Ting and Donlon, Elliott and Hogan, Francois Robert and Bauza, Maria and Ma, Daolin and Taylor, Orion and Liu, Melody and Romo, Eudald and Fazeli, Nima and Alet, Ferran and Dafle, Nikhil Chavan and Holladay, Rachel and Morona, Isabella and Nair, Prem Qu and Green, Druck and Taylor, Ian and Liu, Weber and Funkhouser, Thomas and Rodriguez, Alberto},
    booktitle={Proceedings of the IEEE International Conference on Robotics and Automation},
    year={2018} } 

