
@incollection{carvalho2017autonomous,
  title={Autonomous UAV outdoor flight controlled by an embedded system using Odroid and ROS},
  author={\mkbibbold{Carvalho, Jo{\~a}o Pedro} and Juc{\'a}, Marco Aur{\'e}lio and Menezes, Alexandre and Olivi, Leonardo Rocha and Marcato, Andr{\'e} Luis Marques and dos Santos, Alexandre Bessa},
  booktitle={CONTROLO 2016},
  pages={423--437},
  year={2017},
  publisher={Springer}
}

@article{delgado2016optical,
  title={An optical fiber sensor and its application in UAVs for current measurements},
  author={Delgado, Felipe S and \mkbibbold{Carvalho, Jo{\~a}o P} and Coelho, Thiago VN and Dos Santos, Alexandre B},
  journal={Sensors},
  volume={16},
  number={11},
  pages={1800},
  year={2016},
  publisher={Multidisciplinary Digital Publishing Institute}
}

@article{moraes2017autonomous,
  title={Autonomous Quadrotor for accurate positioning},
  author={Moraes, Lucas and Carmo, Luiz C and Campos, Rafael F and Juc{\'a}, Marco A and Moreira, Lucas and \mkbibbold{Carvalho, João Pedro} and Texeira, Alexandre M and Silveira, Daniel D and Coelho, Thiago VN and Luis, Andr{\'e}},
  journal={IEEE Aerospace and Electronic Systems Magazine},
  volume={32},
  number={3},
  pages={58--62},
  year={2017},
  publisher={IEEE}
}

@article{carvalho2016landing,
  title={Landing a uav in a dynamical target using fuzzy control and computer vision},
  author={\mkbibbold{Carvalho, Joao Pedro} and Juc{\'a}, Marco and Menezes, Alexandre and Marcato, Andr{\'e} and Bessa, A d S and Olivi, Leonardo},
  journal={CBA2016},
  pages={2636--2641},
  year={2016}
}

@article{de2019autonomous,
  title={Autonomous landing of UAV based on artificial neural network supervised by fuzzy logic},
  author={\mkbibbold{de Souza, Jo{\~a}o Pedro Carvalho} and Marcato, Andr{\'e} Lu{\'\i}s Marques and de Aguiar, Eduardo Pestana and Juc{\'a}, Marco Aur{\'e}lio and Teixeira, Alexandre Menezes},
  journal={Journal of Control, Automation and Electrical Systems},
  volume={30},
  number={4},
  pages={522--531},
  year={2019},
  publisher={Springer}
}

@inproceedings{coelho2018direct,
  title={Direct-DRRT*: a RRT improvement proposal},
  author={Coelho, Fabr{\'\i}cio O and \mkbibbold{Carvalho, Jo{\~a}o P} and Pinto, Milena F and Marcato, Andr{\'e} L},
  booktitle={2018 13th APCA International Conference on Automatic Control and Soft Computing (CONTROLO)},
  pages={154--158},
  year={2018},
  organization={IEEE}
}

@inproceedings{souza2019converting,
  title={Converting robot offline programs to native code using the adaptpack studio translators},
  author={\mkbibbold{Souza, Joao Pedro} and Castro, Andr{\'e} and Rocha, Lu{\'\i}s and Relvas, Pedro and Silva, Manuel F},
  booktitle={2019 IEEE International Conference on Autonomous Robot Systems and Competitions (ICARSC)},
  pages={1--7},
  year={2019},
  organization={IEEE}
}

@inproceedings{coelho2018ekf,
  title={Ekf and computer vision for mobile robot localization},
  author={Coelho, Fabr{\'\i}cio O and \mkbibbold{Carvalho, Jo{\~a}o P} and Pinto, Milena F and Marcato, Andr{\'e} L},
  booktitle={2018 13th APCA International Conference on Automatic Control and Soft Computing (CONTROLO)},
  pages={148--153},
  year={2018},
  organization={IEEE}
}

@inproceedings{castro2019adaptpack,
  title={Adaptpack studio: Automatic offline robot programming framework for factory environments},
  author={Castro, Andr{\'e} and \mkbibbold{Souza, Joao Pedro} and Rocha, Lu{\'\i}s and Silva, Manuel F},
  booktitle={2019 IEEE International Conference on Autonomous Robot Systems and Competitions (ICARSC)},
  pages={1--6},
  year={2019},
  organization={IEEE}
}

@inproceedings{pinto2018ekf,
  title={EKF design for online trajectory prediction of a moving object detected onboard of a UAV},
  author={Pinto, Milena F and Coelho, Fabr{\'\i}cio O and \mkbibbold{De Souza, Jo{\~a}o PC} and Melo, Aur{\'e}lio G and Marcato, Andre LM and Urdiales, Critina},
  booktitle={2018 13th APCA International Conference on Automatic Control and Soft Computing (CONTROLO)},
  pages={407--412},
  year={2018},
  organization={IEEE}
}

@article{coelho2020hybrid,
  title={Hybrid Methodology for Path Planning and Computational Vision Applied to Autonomous Mission: A New Approach},
  author={Coelho, Fabr{\'\i}cio O and Pinto, Milena F and \mkbibbold{Souza, Jo{\~a}o Pedro C} and Marcato, Andr{\'e} LM},
  journal={Robotica},
  volume={38},
  number={6},
  pages={1000--1018},
  year={2020},
  publisher={Cambridge University Press}
}

@article{da2019bat,
  title={BAT Algorithm aplicado {\`a} localiza{\c{c}}{\~a}o de rob{\^o}s m{\'o}veis},
  author={da Fonseca Braga, Afonso and \mkbibbold{de Souza, Jo{\~a}o Pedro Carvalho} and de Oliveira Coelho, Fabr{\'\i}cio and Marcato, Andr{\'e} Lu{\'\i}s Marques},
  journal={Principia: Caminhos da Inicia{\c{c}}{\~a}o Cient{\'\i}fica},
  volume={19},
  number={2},
  pages={11--11},
  year={2019}
}

@article{dereconhecimento,
  title={RECONHECIMENTO DE SINAIS DE ELETROMIOGRAFIA POR KNN CARACTERIZADOS POR DENSIDADE ESPECTRAL DE POT{\^e}NCIA},
  year={2017},
  author={\mkbibbold{de Souza, Joao Pedro Carvalho} and de Oliveira Coelho, Fabr{\i}cio and Resende, Lizandra}
}

@article{defiltro,
  title={FILTRO DE KALMAN ESTENDIDO BASEADO EM VISAO COMPUTACIONAL E ODOMETRIA APLICADOA LOCALIZACAO DE ROBˆOS MOVEIS},
  year={2017},
  author={de Oliveira Coelho, Fabr{\i}cio and \mkbibbold{de Souza, Joao Pedro Carvalho} and Pinto, Milena Faria and Maciel, Guilherme Marins and Marcato, Andr{\'e}}
}

@article{moraesprojeto,
  title={Projeto de quadrotor aut{\^o}nomo de alta precis{\~a}o para sensoriamento remoto com uso de c{\^a}mera multiespectral georreferenciada},
  year={2017},
  author={Moraes, Lucas and Campos, Rafael Falci and Jr, Luiz Carlos Carmo and Moreira, Lucas Stoppa and Juc{\'a}, Marco Aur{\'e}lio and Menezes, Alexandre and \mkbibbold{Carvalho, Jo{\~a}o Pedro} and Silveira, Daniel Discini and Coelho, Thiago Vieira Nogueira and dos Santos, Alexandre Bessa and others}
}

@article{moraesprojeto2,
  title={Desenvolvimento de um VANT Híbrido Autônomo para Inspeção Multiespectral em Áreas no Entorno de Reservatórios Hidrelétricos},
  year={2017},
  author={Moraes, Lucas and Campos, Rafael Falci and Jr, Luiz Carlos Carmo and Moreira, Lucas Stoppa and Juc{\'a}, Marco Aur{\'e}lio and Menezes, Alexandre and \mkbibbold{Carvalho, Jo{\~a}o Pedro} and Silveira, Daniel Discini and Coelho, Thiago Vieira Nogueira and dos Santos, Alexandre Bessa and others}
}

@article{de2020adaptpack,
  title={AdaptPack studio translator: translating offline programming to real palletizing robots},
  author={\mkbibbold{de Souza, Jo{\~a}o Pedro Carvalho} and Castro, Andr{\'e} Luiz and Rocha, Lu{\'\i}s F and Silva, Manuel F},
  journal={Industrial Robot: the international journal of robotics research and application},
  year={2020},
  publisher={Emerald Publishing Limited}
}

@article{castro2020adaptpack,
  title={AdaptPack Studio: an automated intelligent framework for offline factory programming},
  author={Castro, Andr{\'e} Luiz and \mkbibbold{de Souza, Jo{\~a}o Pedro Carvalho} and Rocha, Lu{\'\i}s F and Silva, Manuel F},
  journal={Industrial Robot: the international journal of robotics research and application},
  year={2020},
  publisher={Emerald Publishing Limited}
}

@article{de67reconfigurable,
  title={Reconfigurable Grasp Planning Pipeline with Grasp Synthesis and Selection Applied to Picking Operations in Aerospace Factories},
  author={\mkbibbold{de Souza, Jo{\~a}o Pedro Carvalho} and Costa, Carlos M and Rocha, Lu{\'\i}s F and Arrais, Rafael and Moreira, A Paulo and Pires, EJ Solteiro and Boaventura-Cunha, Jos{\'e}},
  journal={Robotics and Computer-Integrated Manufacturing},
  volume={67},
  pages={102032},
  year={2021},
  publisher={Elsevier}
}

@article{DESOUZA2021102176,
title = {Robotic grasping: from wrench space heuristics to deep learning policies},
journal = {Robotics and Computer-Integrated Manufacturing},
volume = {71},
pages = {102176},
year = {2021},
issn = {0736-5845},
doi = {https://doi.org/10.1016/j.rcim.2021.102176},
url = {https://www.sciencedirect.com/science/article/pii/S0736584521000594},
author = {\mkbibbold{João Pedro Carvalho {de Souza}} and Luís F. Rocha and Paulo Moura Oliveira and A. Paulo Moreira and José Boaventura-Cunha},
keywords = {Industrial robotic grasp, Grasping detection, Grasping planning, Grasping selection},
abstract = {The robotic grasping task persists as a modern industry problem that seeks autonomous, fast implementation, and efficient techniques. Domestic robots are also a reality demanding a delicate and accurate human–machine interaction, with precise robotic grasping and handling. From decades ago, with analytical heuristics, to recent days, with the new deep learning policies, grasping in complex scenarios is still the aim of several works’ that propose distinctive approaches. In this context, this paper aims to cover recent methodologies’ development and discuss them, showing state-of-the-art challenges and the gap to industrial applications deployment. Given the complexity of the related issue associated with the elaborated proposed methods, this paper formulates some fair and transparent definitions for results’ assessment to provide researchers with a clear and standardised idea of the comparison between the new proposals.}
}

@INPROCEEDINGS{9429788,

  author={\mkbibbold{de Souza, João Pedro C.} and Rocha, Luís F. and Filipe, Vítor M. and Boaventura-Cunha, J. and Moreira, A. Paulo},

  booktitle={2021 IEEE International Conference on Autonomous Robot Systems and Competitions (ICARSC)}, 

  title={Low-Cost and Reduced-Size 3D-Cameras Metrological Evaluation Applied to Industrial Robotic Welding Operations}, 

  year={2021},

  volume={},

  number={},

  pages={123-129},

  doi={10.1109/ICARSC52212.2021.9429788}}


@article{6dmimicIMU,
title = {Industrial Robot Programming by Demonstration using Stereoscopic Vision and Inertial Sensing},
journal={Industrial Robot: the international journal of robotics research and application},
publisher={Emerald Publishing Limited},
volume = {},
pages = {},
year = {2021},
issn = {0143-991x},
doi = {10.1108/IR-02-2021-0043},
url = {},
author = {\mkbibbold{João Pedro Carvalho {de Souza}} and Ant\'{o}nio Amorim and V\'{i}tor H. Pinto and Lu\'{i}s F. Rocha and Ant\'{o}nio P. Moreira},
keywords = {Industrial robotic grasp, Grasping detection, Grasping planning, Grasping selection},
abstract = {}
}



